<record><leader>00000cas a22000007a 4500</leader><controlfield tag="001">25678000</controlfield><controlfield tag="008">920420d190u191uncuwr ne      0    0eng d</controlfield><datafield ind1=" " ind2=" " tag="010"><subfield code="a">sn 92074027 </subfield></datafield><datafield ind1=" " ind2=" " tag="040"><subfield code="a">NVJ</subfield><subfield code="b">eng</subfield><subfield code="c">NVJ</subfield><subfield code="d">OCLCQ</subfield></datafield><datafield ind1=" " ind2=" " tag="042"><subfield code="a">msc</subfield></datafield><datafield ind1="0" ind2=" " tag="130"><subfield code="a">Facts and figures (Raeford, N.C.)</subfield></datafield><datafield ind1="1" ind2="0" tag="245"><subfield code="a">Facts and figures.</subfield></datafield><datafield ind1=" " ind2=" " tag="260"><subfield code="a">Raeford, N.C. :</subfield><subfield code="b">D. Scott Poole</subfield></datafield><datafield ind1=" " ind2=" " tag="300"><subfield code="a">v.</subfield></datafield><datafield ind1=" " ind2=" " tag="310"><subfield code="a">Weekly</subfield></datafield><datafield ind1=" " ind2=" " tag="588"><subfield code="a">Description based on: Vol. 5, no. 46 (Feb. 10th 1910).</subfield></datafield><datafield ind1=" " ind2=" " tag="752"><subfield code="a">United States</subfield><subfield code="b">North Carolina</subfield><subfield code="c">Hoke</subfield><subfield code="d">Raeford.</subfield></datafield><datafield ind1="0" ind2="0" tag="785"><subfield code="t">Hoke County journal</subfield><subfield code="w">(DLC)sn 93064774</subfield></datafield></record>